@misc{khosla2021supervised,
      title={Supervised Contrastive Learning}, 
      author={Prannay Khosla and Piotr Teterwak and Chen Wang and Aaron Sarna and Yonglong Tian and Phillip Isola and Aaron Maschinot and Ce Liu and Dilip Krishnan},
      year={2021},
      eprint={2004.11362},
      archivePrefix={arXiv},
      primaryClass={cs.LG}
}
@article{Kandel_2020,
   title={Phase imaging with computational specificity (PICS) for measuring dry mass changes in sub-cellular compartments},
   volume={11},
   ISSN={2041-1723},
   url={http://dx.doi.org/10.1038/s41467-020-20062-x},
   DOI={10.1038/s41467-020-20062-x},
   number={1},
   journal={Nature Communications},
   publisher={Springer Science and Business Media LLC},
   author={Kandel, Mikhail E. and He, Yuchen R. and Lee, Young Jae and Chen, Taylor Hsuan-Yu and Sullivan, Kathryn Michele and Aydin, Onur and Saif, M. Taher A. and Kong, Hyunjoon and Sobh, Nahil and Popescu, Gabriel},
   year={2020},
   month=dec }
@misc{zhang2022contrastive,
      title={Contrastive Learning of Medical Visual Representations from Paired Images and Text}, 
      author={Yuhao Zhang and Hang Jiang and Yasuhide Miura and Christopher D. Manning and Curtis P. Langlotz},
      year={2022},
      eprint={2010.00747},
      archivePrefix={arXiv},
      primaryClass={cs.CV}
}
@misc{caron2021emerging,
      title={Emerging Properties in Self-Supervised Vision Transformers}, 
      author={Mathilde Caron and Hugo Touvron and Ishan Misra and Hervé Jégou and Julien Mairal and Piotr Bojanowski and Armand Joulin},
      year={2021},
      eprint={2104.14294},
      archivePrefix={arXiv},
      primaryClass={cs.CV}
}
@misc{chen2020simple,
      title={A Simple Framework for Contrastive Learning of Visual Representations}, 
      author={Ting Chen and Simon Kornblith and Mohammad Norouzi and Geoffrey Hinton},
      year={2020},
      eprint={2002.05709},
      archivePrefix={arXiv},
      primaryClass={cs.LG}
}
@misc{grill2020bootstrap,
      title={Bootstrap your own latent: A new approach to self-supervised Learning}, 
      author={Jean-Bastien Grill and Florian Strub and Florent Altché and Corentin Tallec and Pierre H. Richemond and Elena Buchatskaya and Carl Doersch and Bernardo Avila Pires and Zhaohan Daniel Guo and Mohammad Gheshlaghi Azar and Bilal Piot and Koray Kavukcuoglu and Rémi Munos and Michal Valko},
      year={2020},
      eprint={2006.07733},
      archivePrefix={arXiv},
      primaryClass={cs.LG}
}
@article{Yang2022TimeCLR,
      title={TimeCLR: A self-supervised contrastive learning framework for univariate time series representation}, 
      author={Xinyu Yang and Zhenguo Zhang andRongyi Cui},
      year={2022},
      eprint={2004.11362}
}
@article{YANG2022108606,
title = {TimeCLR: A self-supervised contrastive learning framework for univariate time series representation},
journal = {Knowledge-Based Systems},
volume = {245},
pages = {108606},
year = {2022},
issn = {0950-7051},
doi = {https://doi.org/10.1016/j.knosys.2022.108606},
url = {https://www.sciencedirect.com/science/article/pii/S0950705122002726},
author = {Xinyu Yang and Zhenguo Zhang and Rongyi Cui},
}
@misc{liu2024selfsupervised,
      title={Self-Supervised Learning for Time Series: Contrastive or Generative?}, 
      author={Ziyu Liu and Azadeh Alavi and Minyi Li and Xiang Zhang},
      year={2024},
      eprint={2403.09809},
      archivePrefix={arXiv},
      primaryClass={cs.LG}
}
@article{Dembski2023Establishing,
title = {Establishing and testing a robot-based platform to enable the automated production of nanoparticles in a flexible and modular way},
journal = {Scientific Reports},
url = {https://doi.org/10.1038/s41598-023-38535-6},
author = {Sofia Dembski and Thomas Schwarz and Maximilian Oppmann and Shahbaz Tareq Bandesha and Jörn Schmid and Sarah Wenderoth and Karl Mandel and Jan Hansmann},
year = {2023},
}
@INPROCEEDINGS{8099852,
  author={Wang, Xiaosong and Peng, Yifan and Lu, Le and Lu, Zhiyong and Bagheri, Mohammadhadi and Summers, Ronald M.},
  booktitle={2017 IEEE Conference on Computer Vision and Pattern Recognition (CVPR)}, 
  title={ChestX-Ray8: Hospital-Scale Chest X-Ray Database and Benchmarks on Weakly-Supervised Classification and Localization of Common Thorax Diseases}, 
  year={2017},
  volume={},
  number={},
  pages={3462-3471},
  keywords={Diseases;X-ray imaging;Pathology;Databases;Biomedical imaging;Machine learning;Image segmentation},
  doi={10.1109/CVPR.2017.369}}
@article{Esteva2017Dermatologist,
title = {Dermatologist-level classification of skin cancer with deep neural networks},
journal = {Nature},
url = {https://doi.org/10.1038/nature21056},
author = {Andre Esteva and Brett Kuprel and Roberto A. Novoa and Justin Ko and Susan M. Swetter and Helen M. Blau and Sebastian Thrun},
year = {2017},
}
@misc{irvin2019chexpert,
      title={CheXpert: A Large Chest Radiograph Dataset with Uncertainty Labels and Expert Comparison}, 
      author={Jeremy Irvin and Pranav Rajpurkar and Michael Ko and Yifan Yu and Silviana Ciurea-Ilcus and Chris Chute and Henrik Marklund and Behzad Haghgoo and Robyn Ball and Katie Shpanskaya and Jayne Seekins and David A. Mong and Safwan S. Halabi and Jesse K. Sandberg and Ricky Jones and David B. Larson and Curtis P. Langlotz and Bhavik N. Patel and Matthew P. Lungren and Andrew Y. Ng},
      year={2019},
      eprint={1901.07031},
      archivePrefix={arXiv},
      primaryClass={cs.CV}
}