@book{goodfellow2016deep,
  title={Deep learning},
  author={Goodfellow, Ian and Bengio, Yoshua and Courville, Aaron},
  year={2016},
  publisher={MIT press}
}

@misc{anthropic2024contextual,
  author       = {Anthropic},
  title        = {Introducing Contextual Retrieval},
  year         = {2024},
  url          = {https://www.anthropic.com/news/contextual-retrieval},
  note         = {Accessed: 23-October-2024}
}